@article{Otanes72,
  author = "Schachter, Paul and Otanes, Fe T.",
  title = "Tagalog Reference Grammar",
  year = "1972",
  publisher = "University of California Press",
}